<?xml version="1.0" encoding="UTF-8"?><collection xmlns="http://www.loc.gov/MARC21/slim"><record><leader>00516nam--2200193-u-4500</leader><controlfield tag="001">000053895</controlfield><controlfield tag="002">20161230</controlfield><controlfield tag="005">20161230201051</controlfield><controlfield tag="008">110630s1000------------r-----000-0-rus-d</controlfield><datafield ind1=" " ind2=" " tag="040"><subfield code="a">IFIN-HH</subfield></datafield><datafield ind1=" " ind2=" " tag="041"><subfield code="a">rus</subfield></datafield><datafield ind1=" " ind2=" " tag="080"><subfield code="a">537.8</subfield></datafield><datafield ind1="1" ind2=" " tag="100"><subfield code="a">Govorkov, V.A</subfield></datafield><datafield ind1="1" ind2="0" tag="245"><subfield code="a">Teoria elektromagnitnogo polia</subfield><subfield code="b">V uprazhneniiakh i zadaciakh</subfield><subfield code="c">V.a. govrkov; s.d. kupalian</subfield></datafield><datafield ind1=" " ind2=" " tag="260"><subfield code="a">Moskva</subfield><subfield code="b">Svetskoe Radio</subfield><subfield code="c">1957</subfield></datafield><datafield ind1=" " ind2=" " tag="300"><subfield code="a">340P</subfield></datafield><datafield ind1="1" ind2=" " tag="700"><subfield code="a">Kupalian, S.D</subfield></datafield><datafield ind1=" " ind2=" " tag="852"><subfield code="a">78557</subfield><subfield code="c">537:538</subfield></datafield><datafield ind1=" " ind2=" " tag="CAT"><subfield code="a">Sys</subfield><subfield code="c">20110630</subfield><subfield code="h">103909</subfield></datafield></record></collection>